<?xml version="1.0" encoding="UTF-8" ?>
<collection xmlns:xsi="http://www.w3.org/2001/XMLSchema-instance" xsi:schemaLocation="http://www.loc.gov/MARC21/slim http://www.loc.gov/standards/marcxml/schema/MARC21slim.xsd" xmlns="http://www.loc.gov/MARC21/slim">
   <record>
      <leader>     cam a22      a 4500</leader>
      <controlfield tag="001">1930345</controlfield>
      <controlfield tag="003">NIC</controlfield>
      <controlfield tag="005">20100407104353.0</controlfield>
      <controlfield tag="008">910703s1945    ua a          000 0 ara d</controlfield>
      <datafield tag="035" ind1=" " ind2=" ">
         <subfield code="a">(NIC)notisAJZ4407</subfield>
      </datafield>
      <datafield tag="035" ind1=" " ind2=" ">
         <subfield code="a">(OCoLC)5587781</subfield>
      </datafield>
      <datafield tag="035" ind1=" " ind2=" ">
         <subfield code="a">1930345</subfield>
      </datafield>
      <datafield tag="040" ind1=" " ind2=" ">
         <subfield code="a">NIC</subfield>
         <subfield code="c">NIC</subfield>
      </datafield>
      <datafield tag="043" ind1=" " ind2=" ">
         <subfield code="a">f-ua---</subfield>
      </datafield>
      <datafield tag="100" ind1="1" ind2=" ">
         <subfield code="a">Ẓawāhirī, Fakhr al-Dīn al-Aḥmadī.</subfield>
      </datafield>
      <datafield tag="245" ind1="1" ind2="3">
         <subfield code="a">al-Sīyāsah wa-al-Azhar :</subfield>
         <subfield code="b">min mudhakkirāt Shaykh al-Islām al-Ẓawāhirī /</subfield>
         <subfield code="c">bi-qalam Fakhr al-Dīn al-Aḥmadī al-Ẓawāhirī.</subfield>
      </datafield>
      <datafield tag="260" ind1=" " ind2=" ">
         <subfield code="a">[Cairo] :</subfield>
         <subfield code="b">Maṭbaʻat al-Iʻmād,</subfield>
         <subfield code="c">1945.</subfield>
      </datafield>
      <datafield tag="300" ind1=" " ind2=" ">
         <subfield code="a">363 p. :</subfield>
         <subfield code="b">ill. ;</subfield>
         <subfield code="c">21 cm.</subfield>
      </datafield>
      <datafield tag="610" ind1="2" ind2="0">
         <subfield code="a">Azhar</subfield>
         <subfield code="x">History.</subfield>
      </datafield>
      <datafield tag="650" ind1=" " ind2="0">
         <subfield code="a">Mosques</subfield>
         <subfield code="z">Egypt</subfield>
         <subfield code="x">History.</subfield>
      </datafield>
      <datafield tag="905" ind1=" " ind2=" ">
         <subfield code="a">19940215120000.0</subfield>
      </datafield>
      <datafield tag="948" ind1="2" ind2=" ">
         <subfield code="a">20050330</subfield>
         <subfield code="b">m</subfield>
         <subfield code="d">dct6</subfield>
         <subfield code="e">cts</subfield>
      </datafield>
      <datafield tag="948" ind1="2" ind2=" ">
         <subfield code="a">20100407</subfield>
         <subfield code="b">m</subfield>
         <subfield code="d">batch</subfield>
         <subfield code="e">lts</subfield>
         <subfield code="x">del9XXtxt</subfield>
      </datafield>
      <datafield tag="995" ind1=" " ind2=" ">
         <subfield code="a">Hivolm</subfield>
         <subfield code="d">20100407</subfield>
      </datafield>
      <datafield tag="903" ind1=" " ind2=" ">
         <subfield code="a">NYUACO</subfield>
         <subfield code="d">20140514</subfield>
         <subfield code="p">31924068913387</subfield>
      </datafield>
      <datafield tag="950" ind1=" " ind2=" ">
         <subfield code="a">BP187.65.E3</subfield>
         <subfield code="b">C359</subfield>
         <subfield code="v"> </subfield>
      </datafield>
   </record>
</collection>
